@misc{fisher19,
      title={All Models are Wrong, but Many are Useful: Learning a Variable's Importance by Studying an Entire Class of Prediction Models Simultaneously},
      author={Aaron Fisher and Cynthia Rudin and Francesca Dominici},
      year={2019},
      eprint={1801.01489},
      archivePrefix={arXiv},
      primaryClass={stat.ME},
      url={https://arxiv.org/abs/1801.01489},
}
