@article{botdetectionreddit,
  title = {Bot Detection in Reddit Political Discussion},
  url = {https://www.researchgate.net/publication/332340547_Bot_Detection_in_Reddit_Political_Discussion},
  journal = {ResearchGate},
  author = {Sofia Hurtado and Poushali Ray and Radu Marculescu},
  year = {2019}
}

@misc{redditbotproblem,
  title = {Does Reddit Have a Bot Problem? Absolutely.},
  url = {https://www.lunio.ai/blog/reddit-bots},
  journal = {Lunio},
  author = {Amber Dawson},
  year = {2024}
}

@misc{redditbotwatch,
  title = {r/botwatch},
  url = {https://www.reddit.com/r/botwatch/},
  journal = {Reddit},
  year = {2022}
}

@article{multibotdetector,
  title = {Assembling a Multi-Platform Ensemble Social Bot Detector with Applications to US 2020 Elections},
  url = {https://arxiv.org/html/2401.14607v1},
  journal = {arXiv},
  author = {Lynnette Hui Xian Ng and Kathleen M. Carley},
  year = {2022}
}

@article{evalsocialbotmodels,
  title = {Evaluation of Social Bot Detection Models},
  url = {https://www.researchgate.net/publication/361038547_Evaluation_of_social_bot_detection_models},
  journal = {ResearchGate},
  author = {Mücahid Kutlu and Ali Aydin Selçuk},
  year = {2025}
}

@misc{anomalycloudflare,
  title = {Lessons Learned from Scaling Up Cloudflare's Anomaly Detection Platform},
  url = {https://blog.cloudflare.com/lessons-learned-from-scaling-up-cloudflare-anomaly-detection-platform/},
  author = {Jeffrey Tang},
  year = {2024}
}

@misc{anomalyf5networks,
  title = {How Does Anomaly Detection Work? : r/f5networks},
  url = {https://www.reddit.com/r/f5networks/comments/13jw4qg/how_does_anomaly_detection_work/},
  journal = {Reddit},
  author = {Jeffrey Tang},
  year = {2024}
}

@article{pushshiftredditdataset,
  title = {The Pushshift Reddit Dataset},
  url = {https://ojs.aaai.org/index.php/ICWSM/article/view/7347/7201},
  journal = {AAAI Publications},
  author = {Jason Baumgartner and Savvas Zannettou and Brian Keegan and Megan Squire and Jeremy Blackburn},
  year = {2020}
}

@misc{redditcommentsdataset,
  title = {Reddit Comments Dataset},
  url = {https://clickhouse.com/docs/getting-started/example-datasets/reddit-comments},
  journal = {ClickHouse Docs},
  author = {Vadim Tkachenko},
  year = {2021}
}

@misc{redditbotslearnusetalents,
  title = {How to Identify Bots on Reddit : r/LearnUselessTalents},
  url = {https://www.reddit.com/r/LearnUselessTalents/comments/15tzjkb/how_to_identify_bots_on_reddit/},
  journal = {Reddit},
  year = {2023}
}

@misc{botsidentifytyrannosnorlax,
  author = {u/tyrannosnorlax},
  title = {Bots. How to Identify Them, and Why Do They Exist on Reddit?},
  url = {https://www.reddit.com/user/tyrannosnorlax/comments/t0h466/bots_how_to_identify_them_and_why_do_they_exist/},
  journal = {Reddit},
  year = {2022}
}

@misc{botproblem7daystodie,
  title = {Bot Problem - How to Identify Bot Accounts (99\% Accuracy) : r/7daystodie},
  url = {https://www.reddit.com/r/7daystodie/comments/1au1g1s/bot_problem_how_to_identify_bot_accounts_99/},
  journal = {Reddit},
  year = {2025}
}

@misc{originalityaiblog,
  title = {Are You Getting Advice from a Human or Bot? Reddit Shows Spikes in AI Content},
  url = {https://originality.ai/blog/reddit-shows-spikes-in-ai-content},
  author = {Jonathan Gillham and Madeleine Lambert},
  year = {2023}
}

@misc{nightwateremdash,
  title = {The Em Dash and AI: A Conjunction - Night Water},
  url = {https://www.nightwater.email/em-dash-ai/},
  author = {Clara Bush},
  year = {2023}
}

@misc{redditbotdetector,
  title = {Reddit-Bot-Detector: A Python Bot that Detects Reddit Bots},
  url = {https://github.com/MatthewTourond/Reddit-Bot-Detector},
  journal = {GitHub},
  author = {Matthew Tourond},
  year = {2019}
}

@misc{redditbotnetwork,
  title = {identify-bots-reddit-comment-network: Characterization and classification of bots using only structural characteristics of the network.},
  url = {https://github.com/DamascenoRafael/identify-bots-reddit-comment-network},
  journal = {GitHub},
  author = {Rafael Damasceno},
  year = {2019}
}

@misc{mlredditbots,
  title = {Identifying trolls and bots on Reddit with machine learning},
  url = {https://medium.com/towards-data-science/identifying-trolls-and-bots-on-reddit-with-machine-learning-709da5970af1},
  journal = {Medium},
  author = {Jason Skowronski},
  year = {2019}
}

@article{breiman2001random,
  author={Breiman, Leo},
  title={Random Forests},
  journal={Machine Learning},
  year={2001},
  volume={45},
  number={1},
  pages={5--32},
  doi={10.1023/A:1010933404324},
  publisher={Springer}
}

@book{breiman1984classification,
  author={Breiman, Leo and Friedman, Jerome H. and Olshen, Richard A. and Stone, Charles J.},
  title={Classification and Regression Trees},
  year={1984},
  publisher={Wadsworth International Group},
  address={Monterey, CA}
}

@article{hutto2014vader,
  author={Hutto, C.J. and Gilbert, Eric},
  title={VADER: A Parsimonious Rule-based Model for Sentiment Analysis of Social Media Text},
  year={2014},
  booktitle={Eighth International AAAI Conference on Weblogs and Social Media (ICWSM-14)},
  publisher={AAAI Press},
  url={http://comp.social.gatech.edu/papers/icwsm14.vader.hutto.pdf}
}

@article{salton1988term,
  author={Salton, Gerard and Buckley, Chris},
  title={Term-weighting approaches in automatic text retrieval},
  journal={Information Processing \& Management},
  year={1988},
  volume={24},
  number={5},
  pages={513--523},
  doi={10.1016/0306-4573(88)90021-0}
}

@article{cortes1995support,
  author={Cortes, Corinna and Vapnik, Vladimir},
  title={Support-vector networks},
  journal={Machine Learning},
  year={1995},
  volume={20},
  number={3},
  pages={273--297},
  doi={10.1007/BF00994018},
  publisher={Springer}
}

@article{lecun2015deep,
  author={LeCun, Yann and Bengio, Yoshua and Hinton, Geoffrey},
  title={Deep learning},
  journal={Nature},
  year={2015},
  volume={521},
  number={7553},
  pages={436--444},
  doi={10.1038/nature14539}
}

@article{kincaid1975flesch,
  author={Kincaid, J. Peter and Fishburne Jr, Robert P. and Rogers, Richard L. and Chissom, Brad S.},
  title={Derivation of new readability formulas (Automated Readability Index, Fog Count and Flesch Reading Ease Formula) for Navy enlisted personnel},
  year={1975},
  institution={Naval Training Research Command},
  address={Pensacola FL}
}

@misc{googleai2023gemini,
  author={Google},
  title={Gemini API},
  year={2023},
  url={https://ai.google.dev/products/gemini},
}

@misc{praw2024,
  author={Reddit},
  title={{PRAW}: Python Reddit API Wrapper},
  year={2024},
  url={https://praw.readthedocs.io/en/stable/},
}

@article{hochreiter1997long,
  author={Hochreiter, Sepp and Schmidhuber, J{\"u}rgen},
  title={Long short-term memory},
  journal={Neural Computation},
  year={1997},
  volume={9},
  number={8},
  pages={1735--1780},
  doi={10.1162/neco.1997.9.8.1735},
  publisher={MIT Press}
}

@article{dietterich2000ensemble,
  author={Dietterich, Thomas G},
  title={Ensemble methods in machine learning},
  booktitle={International Workshop on Multiple Classifier Systems},
  year={2000},
  pages={1--15},
  publisher={Springer}
}

@article{chandola2009anomaly,
  author={Chandola, Varun and Banerjee, Arindam and Kumar, Vipin},
  title={Anomaly detection: A survey},
  journal={ACM Computing Surveys (CSUR)},
  year={2009},
  volume={41},
  number={3},
  pages={1--58},
  doi={10.1145/1541880.1541882}
}

@inproceedings{goldstein2012histogram,
  author={Goldstein, Markus and Dengel, Andreas},
  title={Histogram-based outlier score (HBOS): A fast unsupervised anomaly detection algorithm},
  booktitle={KI-2012: Poster and Demo Track},
  year={2012},
  pages={59--63}
}